<?xml version="1.0" encoding="UTF-8"?><collection xmlns="http://www.loc.gov/MARC21/slim"><record><leader>00394nam--2200145-i-4500</leader><controlfield tag="001">000012213</controlfield><controlfield tag="002">20161230</controlfield><controlfield tag="005">20161230201029</controlfield><controlfield tag="008">060222s1000------------r-----000-0-eng-d</controlfield><datafield ind1=" " ind2=" " tag="080"><subfield code="a">517.547.26(043)</subfield></datafield><datafield ind1="1" ind2="0" tag="100"><subfield code="a">Boutot, Jean-francois</subfield></datafield><datafield ind1=" " ind2="1" tag="245"><subfield code="a">Schema de picard local. these</subfield></datafield><datafield ind1=" " ind2=" " tag="260"><subfield code="a">Paris, L`Universite De Paris-sud, 1977. /Dif.P.</subfield></datafield><datafield ind1=" " ind2=" " tag="852"><subfield code="a">44922</subfield><subfield code="c">517</subfield></datafield><datafield ind1=" " ind2=" " tag="CAT"><subfield code="a">Sys</subfield><subfield code="c">20080707</subfield><subfield code="h">075342</subfield></datafield></record></collection>